% ATLAS Higgs discovery

@article{Aad:2012tfa,
      author         = "Aad, Georges and others",
      title          = "{Observation of a new particle in the search for the
                        Standard Model Higgs boson with the ATLAS detector at the
                        LHC}",
      collaboration  = "ATLAS Collaboration",
      journal        = "Phys.Lett.",
      volume         = "B716",
      pages          = "1-29",
      doi            = "10.1016/j.physletb.2012.08.020",
      year           = "2012",
      eprint         = "1207.7214",
      archivePrefix  = "arXiv",
      primaryClass   = "hep-ex",
      reportNumber   = "CERN-PH-EP-2012-218",
      SLACcitation   = "%%CITATION = ARXIV:1207.7214;%%",
}

%CMS Higgs discovery

@article{Chatrchyan:2012ufa,
      author         = "Chatrchyan, Serguei and others",
      title          = "{Observation of a new boson at a mass of 125 GeV with the
                        CMS experiment at the LHC}",
      collaboration  = "CMS Collaboration",
      journal        = "Phys.Lett.",
      volume         = "B716",
      pages          = "30-61",
      doi            = "10.1016/j.physletb.2012.08.021",
      year           = "2012",
      eprint         = "1207.7235",
      archivePrefix  = "arXiv",
      primaryClass   = "hep-ex",
      reportNumber   = "CMS-HIG-12-028, CERN-PH-EP-2012-220",
      SLACcitation   = "%%CITATION = ARXIV:1207.7235;%%",
}


% CMSSM fine tuning 

@article{Cassel:2011zd,
      author         = "Cassel, S. and Ghilencea, D.M.",
      title          = "{A Review of naturalness and dark matter prediction for
                        the Higgs mass in MSSM and beyond}",
      journal        = "Mod.Phys.Lett.",
      volume         = "A27",
      pages          = "1230003",
      doi            = "10.1142/S0217732312300030",
      year           = "2012",
      eprint         = "1103.4793",
      archivePrefix  = "arXiv",
      primaryClass   = "hep-ph",
      reportNumber   = "CERN-PH-TH-2011-044",
      SLACcitation   = "%%CITATION = ARXIV:1103.4793;%%",
}
@article{Ghilencea:2012gz,
      author         = "Ghilencea, Dumitru M. and Lee, Hyun Min and Park,
                        Myeonghun",
      title          = "{Tuning supersymmetric models at the LHC: A comparative
                        analysis at two-loop level}",
      journal        = "JHEP",
      volume         = "1207",
      pages          = "046",
      doi            = "10.1007/JHEP07(2012)046",
      year           = "2012",
      eprint         = "1203.0569",
      archivePrefix  = "arXiv",
      primaryClass   = "hep-ph",
      reportNumber   = "CERN-PH-TH-2012-054",
      SLACcitation   = "%%CITATION = ARXIV:1203.0569;%%",
}



% Most recent ATLAS Z' limits
% \cite{Aad:2014cka}

@article{Aad:2014cka,
      author         = "Aad, Georges and others",
      title          = "{Search for high-mass dilepton resonances in pp
                        collisions at sqrt(s) = 8 TeV with the ATLAS detector}",
      collaboration  = "ATLAS Collaboration",
      year           = "2014",
      eprint         = "1405.4123",
      archivePrefix  = "arXiv",
      primaryClass   = "hep-ex",
      reportNumber   = "CERN-PH-EP-2014-053",
      SLACcitation   = "%%CITATION = ARXIV:1405.4123;%%",
}

% SOFTSUSY
% \cite{Allanach:2001kg,Allanach:2013kza}

@article{Allanach:2001kg,
      author         = "Allanach, B.C.",
      title          = "{SOFTSUSY: a program for calculating supersymmetric
                        spectra}",
      journal        = "Comput. Phys. Commun.",
      volume         = "143",
      pages          = "305-331",
      doi            = "10.1016/S0010-4655(01)00460-X",
      year           = "2002",
      eprint         = "hep-ph/0104145",
      archivePrefix  = "arXiv",
      primaryClass   = "hep-ph",
      reportNumber   = "CERN-TH-2001-102",
      SLACcitation   = "%%CITATION = HEP-PH/0104145;%%",
}

@article{Allanach:2013kza,
      author         = "Allanach, B.C. and Athron, P. and Tunstall, Lewis C. and
                        Voigt, A. and Williams, A.G.",
      title          = "{Next-to-Minimal SOFTSUSY}",
      journal        = "Comput. Phys. Commun.",
      volume         = "185",
      pages          = "2322-2339",
      doi            = "10.1016/j.cpc.2014.04.015",
      year           = "2014",
      eprint         = "1311.7659",
      archivePrefix  = "arXiv",
      primaryClass   = "hep-ph",
      reportNumber   = "ADP-13-33-T853",
      SLACcitation   = "%%CITATION = ARXIV:1311.7659;%%",
}

% cE6SSM 
@article{Athron:2009ue,
      author         = "Athron, P. and King, S.F. and Miller, D.J. and Moretti,
                        S. and Nevzorov, R.",
      title          = "{Predictions of the Constrained Exceptional
                        Supersymmetric Standard Model}",
      journal        = "Phys.Lett.",
      volume         = "B681",
      pages          = "448-456",
      doi            = "10.1016/j.physletb.2009.10.051",
      year           = "2009",
      eprint         = "0901.1192",
      archivePrefix  = "arXiv",
      primaryClass   = "hep-ph",
      reportNumber   = "SHEP-08-37",
      SLACcitation   = "%%CITATION = ARXIV:0901.1192;%%",
}

% \cite{Athron:2009bs}
@article{Athron:2009bs,
      author         = "Athron, P. and King, S.F. and Miller, D.J. and Moretti,
                        S. and Nevzorov, R.",
      title          = "{The Constrained Exceptional Supersymmetric Standard
                        Model}",
      journal        = "Phys.Rev.",
      volume         = "D80",
      pages          = "035009",
      doi            = "10.1103/PhysRevD.80.035009",
      year           = "2009",
      eprint         = "0904.2169",
      archivePrefix  = "arXiv",
      primaryClass   = "hep-ph",
      reportNumber   = "DFTT-38-2009",
      SLACcitation   = "%%CITATION = ARXIV:0904.2169;%%",
}

% cE6SSM fine tuning
% \cite{Athron:2013ipa}

@article{Athron:2013ipa,
      author         = "Athron, Peter and Binjonaid, Maien and King, Stephen F.",
      title          = "{Fine Tuning in the Constrained Exceptional
                        Supersymmetric Standard Model}",
      journal        = "Phys. Rev.",
      number         = "11",
      volume         = "D87",
      pages          = "115023",
      doi            = "10.1103/PhysRevD.87.115023",
      year           = "2013",
      eprint         = "1302.5291",
      archivePrefix  = "arXiv",
      primaryClass   = "hep-ph",
      SLACcitation   = "%%CITATION = ARXIV:1302.5291;%%",
}

%NMSSM tuning

@article{Binjonaid:2014oga,
      author         = "Binjonaid, Maien Y. and King, Stephen F.",
      title          = "{Naturalness of scale-invariant NMSSMs with and without
                        extra matter}",
      journal        = "Phys.Rev.",
      volume         = "D90",
      pages          = "055020",
      doi            = "10.1103/PhysRevD.90.055020",
      year           = "2014",
      eprint         = "1403.2088",
      archivePrefix  = "arXiv",
      primaryClass   = "hep-ph",
      SLACcitation   = "%%CITATION = ARXIV:1403.2088;%%",
}


%%mechanism to reduce Z' fine tuning

@article{Athron:2014pua,
      author         = "Athron, P. and Muhlleitner, M. and Nevzorov, R. and
                        Williams, A.G.",
      title          = "{Non-Standard Higgs Decays in U(1) Extensions of the
                        MSSM}",
      year           = "2014",
      eprint         = "1410.6288",
      archivePrefix  = "arXiv",
      primaryClass   = "hep-ph",
      reportNumber   = "ADP-14-29-T887, KA-TP-29-2014, SFB-CPP-14-79",
      SLACcitation   = "%%CITATION = ARXIV:1410.6288;%%",
}


% mu problem solution
@article{Fayet:1977yc,
      author         = "Fayet, Pierre",
      title          = "{Spontaneously Broken Supersymmetric Theories of Weak,
                        Electromagnetic and Strong Interactions}",
      journal        = "Phys.Lett.",
      volume         = "B69",
      pages          = "489",
      doi            = "10.1016/0370-2693(77)90852-8",
      year           = "1977",
      reportNumber   = "LPTENS 77/11",
      SLACcitation   = "%%CITATION = PHLTA,B69,489;%%",
}
@article{Kim:1983dt,
      author         = "Kim, Jihn E. and Nilles, Hans Peter",
      title          = "{The mu Problem and the Strong CP Problem}",
      journal        = "Phys.Lett.",
      volume         = "B138",
      pages          = "150",
      doi            = "10.1016/0370-2693(84)91890-2",
      year           = "1984",
      reportNumber   = "UGVA-DPT 1983/10-410",
      SLACcitation   = "%%CITATION = PHLTA,B138,150;%%",
}

@article{Suematsu:1994qm,
      author         = "Suematsu, Daijiro and Yamagishi, Yoshio",
      title          = "{Radiative symmetry breaking in a supersymmetric model
                        with an extra U(1)}",
      journal        = "Int.J.Mod.Phys.",
      volume         = "A10",
      pages          = "4521-4536",
      doi            = "10.1142/S0217751X95002096",
      year           = "1995",
      eprint         = "hep-ph/9411239",
      archivePrefix  = "arXiv",
      primaryClass   = "hep-ph",
      reportNumber   = "KANAZAWA-94-22",
      SLACcitation   = "%%CITATION = HEP-PH/9411239;%%",
}

@article{Cvetic:1996mf,
      author         = "Cvetic, Mirjam and Langacker, Paul",
      title          = "{New gauge bosons from string models}",
      journal        = "Mod.Phys.Lett.",
      volume         = "A11",
      pages          = "1247-1262",
      doi            = "10.1142/S0217732396001260",
      year           = "1996",
      eprint         = "hep-ph/9602424",
      archivePrefix  = "arXiv",
      primaryClass   = "hep-ph",
      reportNumber   = "IASSNS-HEP-95-113, UPR-0690-T, NSF-ITP-96-002",
      SLACcitation   = "%%CITATION = HEP-PH/9602424;%%",
}

@article{Jain:1995cb,
      author         = "Jain, Vidyut and Shrock, Robert",
      title          = "{U(1)-A models of fermion masses without a mu problem}",
      year           = "1995",
      eprint         = "hep-ph/9507238",
      archivePrefix  = "arXiv",
      primaryClass   = "hep-ph",
      reportNumber   = "ITP-SB-95-22",
      SLACcitation   = "%%CITATION = HEP-PH/9507238;%%",
}

@article{Nir:1995bu,
      author         = "Nir, Yosef",
      title          = "{Gauge unification, Yukawa hierarchy and the mu problem}",
      journal        = "Phys.Lett.",
      volume         = "B354",
      pages          = "107-110",
      doi            = "10.1016/0370-2693(95)00619-V",
      year           = "1995",
      eprint         = "hep-ph/9504312",
      archivePrefix  = "arXiv",
      primaryClass   = "hep-ph",
      reportNumber   = "WIS-95-18-PH",
      SLACcitation   = "%%CITATION = HEP-PH/9504312;%%",
}


@article{Cvetic:1997ky,
      author         = "Cvetic, Mirjam and Demir, Durmus A. and Espinosa, J.R.
                        and Everett, L.L. and Langacker, P.",
      title          = "{Electroweak breaking and the mu problem in supergravity
                        models with an additional U(1)}",
      journal        = "Phys.Rev.",
      volume         = "D56",
      pages          = "2861",
      doi            = "10.1103/PhysRevD.56.2861, 10.1103/PhysRevD.58.119905",
      year           = "1997",
      eprint         = "hep-ph/9703317",
      archivePrefix  = "arXiv",
      primaryClass   = "hep-ph",
      reportNumber   = "UPR-0737-T, IEM-FT-150-97",
      SLACcitation   = "%%CITATION = HEP-PH/9703317;%%",
}

%%USSM


@article{Cvetic:1995rj,
      author         = "Cvetic, Mirjam and Langacker, Paul",
      title          = "{Implications of Abelian extended gauge structures from
                        string models}",
      journal        = "Phys.Rev.",
      volume         = "D54",
      pages          = "3570-3579",
      doi            = "10.1103/PhysRevD.54.3570",
      year           = "1996",
      eprint         = "hep-ph/9511378",
      archivePrefix  = "arXiv",
      primaryClass   = "hep-ph",
      reportNumber   = "IASSNS-HEP-95-90, UPR-0684-T, NSF-ITP-95-147",
      SLACcitation   = "%%CITATION = HEP-PH/9511378;%%",
}

@article{Demir:1998dk,
      author         = "Demir, Durmus A. and Pak, N.K.",
      title          = "{One loop effects in supergravity models with an
                        additional U(1)}",
      journal        = "Phys.Rev.",
      volume         = "D57",
      pages          = "6609-6617",
      doi            = "10.1103/PhysRevD.57.6609",
      year           = "1998",
      eprint         = "hep-ph/9809357",
      archivePrefix  = "arXiv",
      primaryClass   = "hep-ph",
      SLACcitation   = "%%CITATION = HEP-PH/9809357;%%",
}
@article{Langacker:1998tc,
      author         = "Langacker, Paul and Wang, Jing",
      title          = "{U(1)-prime symmetry breaking in supersymmetric E(6)
                        models}",
      journal        = "Phys.Rev.",
      volume         = "D58",
      pages          = "115010",
      doi            = "10.1103/PhysRevD.58.115010",
      year           = "1998",
      eprint         = "hep-ph/9804428",
      archivePrefix  = "arXiv",
      primaryClass   = "hep-ph",
      reportNumber   = "UPR-0793-T",
      SLACcitation   = "%%CITATION = HEP-PH/9804428;%%",
}

@article{Erler:2002pr,
      author         = "Erler, Jens and Langacker, Paul and Li, Tian-jun",
      title          = "{The $Z$ - $Z^\prime$ mass hierarchy in a supersymmetric
                        model with a secluded U(1) -prime breaking sector}",
      journal        = "Phys.Rev.",
      volume         = "D66",
      pages          = "015002",
      doi            = "10.1103/PhysRevD.66.015002",
      year           = "2002",
      eprint         = "hep-ph/0205001",
      archivePrefix  = "arXiv",
      primaryClass   = "hep-ph",
      reportNumber   = "UPR-0983T, FT-2002-03, MADPH-02-1266",
      SLACcitation   = "%%CITATION = HEP-PH/0205001;%%",
}

% USSM neutralinos
@article{Choi:2006fz,
      author         = "Choi, S.Y. and Haber, H.E. and Kalinowski, J. and Zerwas,
                        P.M.",
      title          = "{The Neutralino sector in the U(1)-extended
                        supersymmetric standard model}",
      journal        = "Nucl.Phys.",
      volume         = "B778",
      pages          = "85-128",
      doi            = "10.1016/j.nuclphysb.2007.04.019",
      year           = "2007",
      eprint         = "hep-ph/0612218",
      archivePrefix  = "arXiv",
      primaryClass   = "hep-ph",
      reportNumber   = "DESY-06-066, IFT-06-022, SCIPP-06-12",
      SLACcitation   = "%%CITATION = HEP-PH/0612218;%%",
}


@article{Barger:2005hb,
      author         = "Barger, Vernon and Langacker, Paul and Lee, Hye-Sung",
      title          = "{Lightest neutralino in extensions of the MSSM}",
      journal        = "Phys.Lett.",
      volume         = "B630",
      pages          = "85-99",
      doi            = "10.1016/j.physletb.2005.09.023",
      year           = "2005",
      eprint         = "hep-ph/0508027",
      archivePrefix  = "arXiv",
      primaryClass   = "hep-ph",
      SLACcitation   = "%%CITATION = HEP-PH/0508027;%%",
}

%E6 netralinos
@article{Hesselbach:2001ri,
      author         = "Hesselbach, S. and Franke, F. and Fraas, H.",
      title          = "{Neutralinos in E(6) inspired supersymmetric U(1)-prime
                        models}",
      journal        = "Eur.Phys.J.",
      volume         = "C23",
      pages          = "149-162",
      doi            = "10.1007/s100520100865",
      year           = "2002",
      eprint         = "hep-ph/0107080",
      archivePrefix  = "arXiv",
      primaryClass   = "hep-ph",
      reportNumber   = "MADPH-01-1237, WUE-ITP-2001-013",
      SLACcitation   = "%%CITATION = HEP-PH/0107080;%%",
}
@article{Barger:2007nv,
      author         = "Barger, Vernon and Langacker, Paul and Lewis, Ian and
                        McCaskey, Mat and Shaughnessy, Gabe and others",
      title          = "{Recoil Detection of the Lightest Neutralino in MSSM
                        Singlet Extensions}",
      journal        = "Phys.Rev.",
      volume         = "D75",
      pages          = "115002",
      doi            = "10.1103/PhysRevD.75.115002",
      year           = "2007",
      eprint         = "hep-ph/0702036",
      archivePrefix  = "arXiv",
      primaryClass   = "HEP-PH",
      reportNumber   = "MADPH-07-1476",
      SLACcitation   = "%%CITATION = HEP-PH/0702036;%%",
}


@article{Ham:2007wc,
      author         = "Ham, S.W. and OH, S.K.",
      title          = "{Electroweak phase transition in MSSM with U(1)-prime in
                        explicit CP violation scenario}",
      journal        = "Phys.Rev.",
      volume         = "D76",
      pages          = "095018",
      doi            = "10.1103/PhysRevD.76.095018",
      year           = "2007",
      eprint         = "0708.1785",
      archivePrefix  = "arXiv",
      primaryClass   = "hep-ph",
      SLACcitation   = "%%CITATION = ARXIV:0708.1785;%%",
}
@article{Langacker:2008yv,
      author         = "Langacker, Paul",
      title          = "{The Physics of Heavy $Z^\prime$ Gauge Bosons}",
      journal        = "Rev.Mod.Phys.",
      volume         = "81",
      pages          = "1199-1228",
      doi            = "10.1103/RevModPhys.81.1199",
      year           = "2009",
      eprint         = "0801.1345",
      archivePrefix  = "arXiv",
      primaryClass   = "hep-ph",
      SLACcitation   = "%%CITATION = ARXIV:0801.1345;%%",
}

@article{Ham:2008xf,
      author         = "Ham, S.W. and Hur, Taeil and Ko, P. and Oh, S.K.",
      title          = "{Neutral scalar Higgs bosons in the USSM at the LHC}",
      journal        = "J.Phys.",
      volume         = "G35",
      pages          = "095007",
      doi            = "10.1088/0954-3899/35/9/095007",
      year           = "2008",
      eprint         = "0801.2361",
      archivePrefix  = "arXiv",
      primaryClass   = "hep-ph",
      SLACcitation   = "%%CITATION = ARXIV:0801.2361;%%",
}
@article{Kalinowski:2008iq,
      author         = "Kalinowski, J. and King, S.F. and Roberts, J.P.",
      title          = "{Neutralino Dark Matter in the USSM}",
      journal        = "JHEP",
      volume         = "0901",
      pages          = "066",
      doi            = "10.1088/1126-6708/2009/01/066",
      year           = "2009",
      eprint         = "0811.2204",
      archivePrefix  = "arXiv",
      primaryClass   = "hep-ph",
      reportNumber   = "CERN-PH-TH-2008-219",
      SLACcitation   = "%%CITATION = ARXIV:0811.2204;%%",
}

@article{Stech:2008wd,
      author         = "Stech, Berthold and Tavartkiladze, Zurab",
      title          = "{Generation symmetry and E6 unification}",
      journal        = "Phys.Rev.",
      volume         = "D77",
      pages          = "076009",
      doi            = "10.1103/PhysRevD.77.076009",
      year           = "2008",
      eprint         = "0802.0894",
      archivePrefix  = "arXiv",
      primaryClass   = "hep-ph",
      reportNumber   = "HD-THEP-08-08, OSU-HEP-08-01",
      SLACcitation   = "%%CITATION = ARXIV:0802.0894;%%",
}


%% E6 review
@article{Hewett:1988xc,
      author         = "Hewett, JoAnne L. and Rizzo, Thomas G.",
      title          = "{Low-Energy Phenomenology of Superstring Inspired E(6)
                        Models}",
      journal        = "Phys.Rept.",
      volume         = "183",
      pages          = "193",
      doi            = "10.1016/0370-1573(89)90071-9",
      year           = "1989",
      reportNumber   = "MAD-PH-446, IS-J-3005",
      SLACcitation   = "%%CITATION = PRPLC,183,193;%%",
}


% FlexibleSUSY
% \cite{Athron:2014yba}

@article{Athron:2014yba,
      author         = "Athron, Peter and Park, Jae-hyeon and St{\"o}ckinger,
                        Dominik and Voigt, Alexander",
      title          = "{FlexibleSUSY -- A spectrum generator generator for
                        supersymmetric models}",
      year           = "2014",
      eprint         = "1406.2319",
      archivePrefix  = "arXiv",
      primaryClass   = "hep-ph",
      reportNumber   = "FTUV–14–3904, IFIC–14–40",
      SLACcitation   = "%%CITATION = ARXIV:1406.2319;%%",
}

% BG measure
% \cite{Barbieri:1987fn}

@article{Barbieri:1987fn,
      author         = "Barbieri, Riccardo and Giudice, G.F.",
      title          = "{Upper Bounds on Supersymmetric Particle Masses}",
      journal        = "Nucl. Phys.",
      volume         = "B306",
      pages          = "63",
      doi            = "10.1142/S0217732386000105",
      year           = "1988",
      reportNumber   = "CERN-TH-4825/87",
      SLACcitation   = "%%CITATION = NUPHA,B306,63;%%",
}

% Radiative corrections reduce fine tuning
% \cite{Cassel:2010px}

@article{Cassel:2010px,
      author         = "Cassel, S. and Ghilencea, D.M. and Ross, G.G.",
      title          = "{Testing SUSY at the LHC: Electroweak and Dark matter
                        fine tuning at two-loop order}",
      journal        = "Nucl. Phys.",
      volume         = "B835",
      pages          = "110-134",
      doi            = "10.1016/j.nuclphysb.2010.03.031",
      year           = "2010",
      eprint         = "1001.3884",
      archivePrefix  = "arXiv",
      primaryClass   = "hep-ph",
      reportNumber   = "OUTP-0930P, CERN-PH-TH-259",
      SLACcitation   = "%%CITATION = ARXIV:1001.3884;%%",
}

% Old Z' search limits
% \cite{Chatrchyan:2012it}

@article{Chatrchyan:2012it,
      author         = "Chatrchyan, Serguei and others",
      title          = "{Search for narrow resonances in dilepton mass spectra in
                        $pp$ collisions at $\sqrt{s}=7$ TeV}",
      collaboration  = "CMS Collaboration",
      journal        = "Phys.Lett.",
      volume         = "B714",
      pages          = "158-179",
      doi            = "10.1016/j.physletb.2012.06.051",
      year           = "2012",
      eprint         = "1206.1849",
      archivePrefix  = "arXiv",
      primaryClass   = "hep-ex",
      reportNumber   = "CMS-EXO-11-019, CERN-PH-EP-2012-157",
      SLACcitation   = "%%CITATION = ARXIV:1206.1849;%%",
}

% Recent Z' search limits
% \cite{Chatrchyan:2012oaa}

@article{Chatrchyan:2012oaa,
      author         = "Chatrchyan, Serguei and others",
      title          = "{Search for heavy narrow dilepton resonances in $pp$
                        collisions at $\sqrt{s}=7$ TeV and $\sqrt{s}=8$ TeV}",
      collaboration  = "CMS Collaboration",
      journal        = "Phys. Lett.",
      volume         = "B720",
      pages          = "63-82",
      doi            = "10.1016/j.physletb.2013.02.003",
      year           = "2013",
      eprint         = "1212.6175",
      archivePrefix  = "arXiv",
      primaryClass   = "hep-ex",
      reportNumber   = "CMS-EXO-12-015, CERN-PH-EP-2012-364",
      SLACcitation   = "%%CITATION = ARXIV:1212.6175;%%",
}

% Ellis-BG measure
% \cite{Ellis:1986yg}

@article{Ellis:1986yg,
      author         = "Ellis, John R. and Enqvist, K. and Nanopoulos, Dimitri V.
                        and Zwirner, F.",
      title          = "{Observables in Low-Energy Superstring Models}",
      journal        = "Mod. Phys. Lett.",
      volume         = "A1",
      pages          = "57",
      doi            = "10.1142/S0217732386000105",
      year           = "1986",
      reportNumber   = "CERN-TH-4350-86",
      SLACcitation   = "%%CITATION = MPLAE,A1,57;%%",
}

% Fine tuning calculation in the NMSSM
% \cite{Ellwanger:2011mu}

@article{Ellwanger:2011mu,
      author         = "Ellwanger, Ulrich and Espitalier-Noel, Gregory and
                        Hugonie, Cyril",
      title          = "{Naturalness and Fine Tuning in the NMSSM: Implications
                        of Early LHC Results}",
      journal        = "JHEP",
      volume         = "1109",
      pages          = "105",
      doi            = "10.1007/JHEP09(2011)105",
      year           = "2011",
      eprint         = "1107.2472",
      archivePrefix  = "arXiv",
      primaryClass   = "hep-ph",
      reportNumber   = "LPT-ORSAY-11-63, L2C-11, LUPM-11-002",
      SLACcitation   = "%%CITATION = ARXIV:1107.2472;%%",
}

% Fine tuning review, source of sensitivity teminology
% \cite{Feng:2013pwa}

@article{Feng:2013pwa,
      author         = "Feng, Jonathan L.",
      title          = "{Naturalness and the Status of Supersymmetry}",
      journal        = "Ann. Rev. Nucl. Part. Sci.",
      volume         = "63",
      pages          = "351-382",
      doi            = "10.1146/annurev-nucl-102010-130447",
      year           = "2013",
      eprint         = "1302.6587",
      archivePrefix  = "arXiv",
      primaryClass   = "hep-ph",
      reportNumber   = "UCI-TR-2013-01",
      SLACcitation   = "%%CITATION = ARXIV:1302.6587;%%",
}

% E6SSM theory and phenomenology
% \cite{King:2005jy}

@article{King:2005jy,
      author         = "King, S.F. and Moretti, S. and Nevzorov, R.",
      title          = "{Theory and phenomenology of an exceptional
                        supersymmetric standard model}",
      journal        = "Phys. Rev.",
      volume         = "D73",
      pages          = "035009",
      doi            = "10.1103/PhysRevD.73.035009",
      year           = "2006",
      eprint         = "hep-ph/0510419",
      archivePrefix  = "arXiv",
      primaryClass   = "hep-ph",
      reportNumber   = "SHEP-05-32",
      SLACcitation   = "%%CITATION = HEP-PH/0510419;%%",
}


@article{King:2005my,
      author         = "King, S.F. and Moretti, S. and Nevzorov, R.",
      title          = "{Exceptional supersymmetric standard model}",
      journal        = "Phys.Lett.",
      volume         = "B634",
      pages          = "278-284",
      doi            = "10.1016/j.physletb.2005.12.070",
      year           = "2006",
      eprint         = "hep-ph/0511256",
      archivePrefix  = "arXiv",
      primaryClass   = "hep-ph",
      reportNumber   = "SHEP-05-35",
      SLACcitation   = "%%CITATION = HEP-PH/0511256;%%",
}
@article{Athron:2010zz,
      author         = "Athron, Peter and Hall, Jonathan P. and Howl, Richard and
                        King, Stephen F. and Miller, D.J. and others",
      title          = "{Aspects of the exceptional supersymmetric standard
                        model}",
      journal        = "Nucl.Phys.Proc.Suppl.",
      volume         = "200-202",
      pages          = "120-129",
      doi            = "10.1016/j.nuclphysbps.2010.02.074",
      year           = "2010",
      SLACcitation   = "%%CITATION = NUPHZ,200-202,120;%%",
}


% Older papers/books covering E6 inspired modelss

@article{Gunion:1989we,
      author         = "Gunion, John F. and Haber, Howard E. and Kane, Gordon L.
                        and Dawson, Sally",
      title          = "{The Higgs Hunter's Guide}",
      journal        = "Front.Phys.",
      volume         = "80",
      pages          = "1-448",
      year           = "2000",
      reportNumber   = "SCIPP-89/13, UCD-89-4, BNL-41644",
      SLACcitation   = "%%CITATION = FRPHA,80,1;%%",
}

@article{Gunion:1992hs,
      author         = "Gunion, John F. and Haber, Howard E. and Kane, Gordon L.
                        and Dawson, Sally",
      title          = "{Errata for the Higgs hunter's guide}",
      year           = "1992",
      eprint         = "hep-ph/9302272",
      archivePrefix  = "arXiv",
      primaryClass   = "hep-ph",
      reportNumber   = "SCIPP-92-58",
      SLACcitation   = "%%CITATION = HEP-PH/9302272;%%",
}

@article{Binetruy:1985xm,
      author         = "Binetruy, Pierre and Dawson, Sally and Hinchliffe, Ian
                        and Sher, Marc",
      title          = "{Phenomenologically Viable Models From Superstrings?}",
      journal        = "Nucl.Phys.",
      volume         = "B273",
      pages          = "501",
      doi            = "10.1016/0550-3213(86)90374-3",
      year           = "1986",
      reportNumber   = "LBL-20317, UCSC-TH-85/49, SCIPP-85/49",
      SLACcitation   = "%%CITATION = NUPHA,B273,501;%%",
}


@article{Ibanez:1986si,
      author         = "Ibanez, Luis E. and Mas, J.",
      title          = "{Low-energy Supergravity and Superstring Inspired
                        Models}",
      journal        = "Nucl.Phys.",
      volume         = "B286",
      pages          = "107",
      doi            = "10.1016/0550-3213(87)90434-2",
      year           = "1987",
      reportNumber   = "CERN-TH-4426/86",
      SLACcitation   = "%%CITATION = NUPHA,B286,107;%%",
}
@article{Gunion:1986ky,
      author         = "Gunion, J.F. and Roszkowski, L. and Haber, H.E.",
      title          = "{$Z^\prime$ Mass Limits, Masses and Couplings of Higgs
                        Bosons, and $Z^\prime$ Decays in an $E(6)$ Superstring
                        Based Model}",
      journal        = "Phys.Lett.",
      volume         = "B189",
      pages          = "409",
      doi            = "10.1016/0370-2693(87)90651-4",
      year           = "1987",
      reportNumber   = "UCD-86-41",
      SLACcitation   = "%%CITATION = PHLTA,B189,409;%%",
}
@article{Haber:1986gz,
      author         = "Haber, Howard E. and Sher, Marc",
      title          = "{Higgs Mass Bound in $E(6)$ Based Supersymmetric
                        Theories}",
      journal        = "Phys.Rev.",
      volume         = "D35",
      pages          = "2206",
      doi            = "10.1103/PhysRevD.35.2206",
      year           = "1987",
      reportNumber   = "SCIPP-86-66",
      SLACcitation   = "%%CITATION = PHRVA,D35,2206;%%",
}
@article{Baer:1987eb,
      author         = "Baer, Howard and Dicus, Duane and Drees, Manuel and Tata,
                        Xerxes",
      title          = "{Higgs Boson Signals in Superstring Inspired Models at
                        Hadron Supercolliders}",
      journal        = "Phys.Rev.",
      volume         = "D36",
      pages          = "1363",
      doi            = "10.1103/PhysRevD.36.1363",
      year           = "1987",
      reportNumber   = "MAD/PH/329, ANL-HEP-PR-87-08, DOE-ER40200-090",
      SLACcitation   = "%%CITATION = PHRVA,D36,1363;%%",
}
@article{Gunion:1987jd,
      author         = "Gunion, J.F. and Roszkowski, L. and Haber, H.E.",
      title          = "{Production and Detection of the Higgs Bosons of the
                        Simplest $E(6)$ Based Gauge Theory}",
      journal        = "Phys.Rev.",
      volume         = "D38",
      pages          = "105",
      doi            = "10.1103/PhysRevD.38.105",
      year           = "1988",
      reportNumber   = "UCD-87-29, SCIPP-87-106",
      SLACcitation   = "%%CITATION = PHRVA,D38,105;%%",
}

@article{Grifols:1986vr,
      author         = "Grifols, J.A. and Sola, J. and Mendez, A.",
      title          = "{Contribution to the Muon Anomaly From Superstring
                        Inspired Models}",
      journal        = "Phys.Rev.Lett.",
      volume         = "57",
      pages          = "2348",
      doi            = "10.1103/PhysRevLett.57.2348",
      year           = "1986",
      reportNumber   = "DESY-86-111",
      SLACcitation   = "%%CITATION = PRLTA,57,2348;%%",
}



@article{Morris:1987fm,
      author         = "Morris, Duncan A.",
      title          = "{Potentially Large Contributions to the Muon Anomalous
                        Magnetic Moment From Weak Isosinglet Squarks in $E(6)$
                        Superstring Models}",
      journal        = "Phys.Rev.",
      volume         = "D37",
      pages          = "2012",
      doi            = "10.1103/PhysRevD.37.2012",
      year           = "1988",
      reportNumber   = "MAD-PH-388, CALT-68-1460",
      SLACcitation   = "%%CITATION = PHRVA,D37,2012;%%",
}

@article{Drees:1987tp,
      author         = "Drees, Manuel",
      title          = "{Comment on `Higgs Boson Mass Bound in $E(6)$ Based
                        Supersymmetric Theories.'}",
      journal        = "Phys.Rev.",
      volume         = "D35",
      pages          = "2910-2913",
      doi            = "10.1103/PhysRevD.35.2910",
      year           = "1987",
      SLACcitation   = "%%CITATION = PHRVA,D35,2910;%%",
}


@article{Ellis:1986ip,
      author         = "Ellis, John R. and Nanopoulos, Dimitri V. and Petcov,
                        S.T. and Zwirner, F.",
      title          = "{Gauginos and Higgs Particles in Superstring Models}",
      journal        = "Nucl.Phys.",
      volume         = "B283",
      pages          = "93",
      doi            = "10.1016/0550-3213(87)90263-X",
      year           = "1987",
      reportNumber   = "CERN-TH-4454/86",
      SLACcitation   = "%%CITATION = NUPHA,B283,93;%%",
}


@article{Suematsu:1997tv,
      author         = "Suematsu, Daijiro",
      title          = "{Effect on the electron EDM due to Abelian gauginos in
                        SUSY extra U(1) models}",
      journal        = "Mod.Phys.Lett.",
      volume         = "A12",
      pages          = "1709-1718",
      doi            = "10.1142/S0217732397001746",
      year           = "1997",
      eprint         = "hep-ph/9705412",
      archivePrefix  = "arXiv",
      primaryClass   = "hep-ph",
      reportNumber   = "KANAZAWA-97-07",
      SLACcitation   = "%%CITATION = HEP-PH/9705412;%%",
}
@article{Suematsu:1997qt,
      author         = "Suematsu, Daijiro",
      title          = "{mu ---> e gamma in supersymmetric multi U(1) models with
                        an Abelian gaugino mixing}",
      journal        = "Phys.Lett.",
      volume         = "B416",
      pages          = "108-116",
      doi            = "10.1016/S0370-2693(97)01298-7",
      year           = "1998",
      eprint         = "hep-ph/9705405",
      archivePrefix  = "arXiv",
      primaryClass   = "hep-ph",
      reportNumber   = "KANAZAWA-97-06",
      SLACcitation   = "%%CITATION = HEP-PH/9705405;%%",
}
@article{Suematsu:1997au,
      author         = "Suematsu, Daijiro",
      title          = "{Neutralino decay in the mu problem solvable extra U(1)
                        models}",
      journal        = "Phys.Rev.",
      volume         = "D57",
      pages          = "1738-1754",
      doi            = "10.1103/PhysRevD.57.1738",
      year           = "1998",
      eprint         = "hep-ph/9708413",
      archivePrefix  = "arXiv",
      primaryClass   = "hep-ph",
      reportNumber   = "KANAZAWA-97-13",
      SLACcitation   = "%%CITATION = HEP-PH/9708413;%%",
}
@article{Keith:1996fv,
      author         = "Keith, E. and Ma, Ernest",
      title          = "{Efficacious extra U(1) factor for the supersymmetric
                        standard model}",
      journal        = "Phys.Rev.",
      volume         = "D54",
      pages          = "3587-3593",
      doi            = "10.1103/PhysRevD.54.3587",
      year           = "1996",
      eprint         = "hep-ph/9603353",
      archivePrefix  = "arXiv",
      primaryClass   = "hep-ph",
      reportNumber   = "UCRHEP-T-158",
      SLACcitation   = "%%CITATION = HEP-PH/9603353;%%",
}

@article{Keith:1997zb,
      author         = "Keith, E. and Ma, Ernest",
      title          = "{Generic consequences of a supersymmetric U(1) gauge
                        factor at the TeV scale}",
      journal        = "Phys.Rev.",
      volume         = "D56",
      pages          = "7155-7165",
      doi            = "10.1103/PhysRevD.56.7155",
      year           = "1997",
      eprint         = "hep-ph/9704441",
      archivePrefix  = "arXiv",
      primaryClass   = "hep-ph",
      reportNumber   = "UCRHEP-T-176",
      SLACcitation   = "%%CITATION = HEP-PH/9704441;%%",
}


@article{Gherghetta:1996yr,
      author         = "Gherghetta, Tony and Kaeding, Thomas A. and Kane, Gordon
                        L.",
      title          = "{Supersymmetric contributions to the decay of an extra
                        $Z$ boson}",
      journal        = "Phys.Rev.",
      volume         = "D57",
      pages          = "3178-3181",
      doi            = "10.1103/PhysRevD.57.3178",
      year           = "1998",
      eprint         = "hep-ph/9701343",
      archivePrefix  = "arXiv",
      primaryClass   = "hep-ph",
      reportNumber   = "UM-TH-96-18",
      SLACcitation   = "%%CITATION = HEP-PH/9701343;%%",
}

%leptogensis
@article{Hambye:2000bn,
      author         = "Hambye, Thomas and Ma, Ernest and Raidal, Martti and
                        Sarkar, Utpal",
      title          = "{Allowable low-energy E(6) subgroups from leptogenesis}",
      journal        = "Phys.Lett.",
      volume         = "B512",
      pages          = "373-378",
      doi            = "10.1016/S0370-2693(01)00577-9",
      year           = "2001",
      eprint         = "hep-ph/0011197",
      archivePrefix  = "arXiv",
      primaryClass   = "hep-ph",
      reportNumber   = "CPT-00-P-4083, UCRHEP-T293",
      SLACcitation   = "%%CITATION = HEP-PH/0011197;%%",
}
% baryogensis
@article{Ma:2000jf,
      author         = "Ma, Ernest and Raidal, Martti",
      title          = "{Three active and two sterile neutrinos in an E(6) model
                        of diquark baryogenesis}",
      journal        = "J.Phys.",
      volume         = "G28",
      pages          = "95-102",
      doi            = "10.1088/0954-3899/28/1/307",
      year           = "2002",
      eprint         = "hep-ph/0012366",
      archivePrefix  = "arXiv",
      primaryClass   = "hep-ph",
      reportNumber   = "UCRHEP-T296",
      SLACcitation   = "%%CITATION = HEP-PH/0012366;%%",
}

@article{Kang:2004pp,
      author         = "Kang, Junhai and Langacker, Paul and Li, Tian-jun and
                        Liu, Tao",
      title          = "{Electroweak baryogenesis in a supersymmetric U(1)-prime
                        model}",
      journal        = "Phys.Rev.Lett.",
      volume         = "94",
      pages          = "061801",
      doi            = "10.1103/PhysRevLett.94.061801",
      year           = "2005",
      eprint         = "hep-ph/0402086",
      archivePrefix  = "arXiv",
      primaryClass   = "hep-ph",
      SLACcitation   = "%%CITATION = HEP-PH/0402086;%%",
}


% D-term assisted AMSB
@article{Asano:2008ju,
      author         = "Asano, Masaki and Kikuchi, Tatsuru and Kim, Sung-Gi",
      title          = "{D-term assisted Anomaly Mediation in E(6) motivated
                        models}",
      year           = "2008",
      eprint         = "0807.5084",
      archivePrefix  = "arXiv",
      primaryClass   = "hep-ph",
      reportNumber   = "KEK-TH-1246",
      SLACcitation   = "%%CITATION = ARXIV:0807.5084;%%",
}


%lightest Higgs
@article{Daikoku:2000ep,
      author         = "Daikoku, Y. and Suematsu, D.",
      title          = "{Mass bound of the lightest neutral Higgs scalar in the
                        extra U(1) models}",
      journal        = "Phys.Rev.",
      volume         = "D62",
      pages          = "095006",
      doi            = "10.1103/PhysRevD.62.095006",
      year           = "2000",
      eprint         = "hep-ph/0003205",
      archivePrefix  = "arXiv",
      primaryClass   = "hep-ph",
      reportNumber   = "KANAZAWA-99-15",
      SLACcitation   = "%%CITATION = HEP-PH/0003205;%%",
}


%neutrino physics
@article{Kang:2004ix,
      author         = "Kang, Jun-hai and Langacker, Paul and Li, Tian-jun",
      title          = "{Neutrino masses in supersymmetric SU(3)(C) x SU(2)(L) x
                        U(1)(Y) x U(1)-prime models}",
      journal        = "Phys.Rev.",
      volume         = "D71",
      pages          = "015012",
      doi            = "10.1103/PhysRevD.71.015012",
      year           = "2005",
      eprint         = "hep-ph/0411404",
      archivePrefix  = "arXiv",
      primaryClass   = "hep-ph",
      reportNumber   = "UPR-1010-T",
      SLACcitation   = "%%CITATION = HEP-PH/0411404;%%",
}
@article{Ma:1995xk,
      author         = "Ma, Ernest",
      title          = "{Neutrino masses in an extended gauge model with E(6)
                        particle content}",
      journal        = "Phys.Lett.",
      volume         = "B380",
      pages          = "286-290",
      doi            = "10.1016/0370-2693(96)00524-2",
      year           = "1996",
      eprint         = "hep-ph/9507348",
      archivePrefix  = "arXiv",
      primaryClass   = "hep-ph",
      reportNumber   = "UCRHEP-T-149",
      SLACcitation   = "%%CITATION = HEP-PH/9507348;%%",
}

% dipole moments
@article{GutierrezRodriguez:2006hb,
      author         = "Gutierrez-Rodriguez, A. and Hernandez-Ruiz, M.A. and
                        Perez, M.A.",
      title          = "{Limits on the Electromagnetic and Weak Dipole Moments of
                        the Tau-Lepton in E(6) Superstring Models}",
      journal        = "Int.J.Mod.Phys.",
      volume         = "A22",
      pages          = "3493-3508",
      doi            = "10.1142/S0217751X07036865",
      year           = "2007",
      eprint         = "hep-ph/0611235",
      archivePrefix  = "arXiv",
      primaryClass   = "hep-ph",
      SLACcitation   = "%%CITATION = HEP-PH/0611235;%%",
}

% SARAH
% \cite{Staub:2009bi,Staub:2010jh,Staub:2012pb,Staub:2013tta}

@article{Staub:2009bi,
      author         = "Staub, Florian",
      title          = "{From Superpotential to Model Files for FeynArts and
                        CalcHep/CompHep}",
      journal        = "Comput. Phys. Commun.",
      volume         = "181",
      pages          = "1077-1086",
      doi            = "10.1016/j.cpc.2010.01.011",
      year           = "2010",
      eprint         = "0909.2863",
      archivePrefix  = "arXiv",
      primaryClass   = "hep-ph",
      SLACcitation   = "%%CITATION = ARXIV:0909.2863;%%",
}

@article{Staub:2010jh,
      author         = "Staub, Florian",
      title          = "{Automatic Calculation of supersymmetric Renormalization
                        Group Equations and Self Energies}",
      journal        = "Comput. Phys. Commun.",
      volume         = "182",
      pages          = "808-833",
      doi            = "10.1016/j.cpc.2010.11.030",
      year           = "2011",
      eprint         = "1002.0840",
      archivePrefix  = "arXiv",
      primaryClass   = "hep-ph",
      SLACcitation   = "%%CITATION = ARXIV:1002.0840;%%",
}

@article{Staub:2012pb,
      author         = "Staub, Florian",
      title          = "{SARAH 3.2: Dirac Gauginos, UFO output, and more}",
      journal        = "Comput. Phys. Commun.",
      volume         = "184",
      pages          = "pp. 1792-1809",
      doi            = "10.1016/j.cpc.2013.02.019",
      year           = "2013",
      eprint         = "1207.0906",
      archivePrefix  = "arXiv",
      primaryClass   = "hep-ph",
      reportNumber   = "BONN-TH-2012-17",
      SLACcitation   = "%%CITATION = ARXIV:1207.0906;%%",
}

@article{Staub:2013tta,
      author         = "Staub, Florian",
      title          = "{SARAH   4: A tool for (not only SUSY) model builders}",
      journal        = "Comput. Phys. Commun.",
      volume         = "185",
      pages          = "1773-1790",
      doi            = "10.1016/j.cpc.2014.02.018",
      year           = "2014",
      eprint         = "1309.7223",
      archivePrefix  = "arXiv",
      primaryClass   = "hep-ph",
      reportNumber   = "BONN-TH-2013-17",
      SLACcitation   = "%%CITATION = ARXIV:1309.7223;%%",
}
